<?xml version="1.0" encoding="UTF-8"?><collection xmlns="http://www.loc.gov/MARC21/slim"><record><leader>00700nam--2200205-u-4500</leader><controlfield tag="001">000053404</controlfield><controlfield tag="002">20161230</controlfield><controlfield tag="005">20161230201051</controlfield><controlfield tag="008">110328s1000------------r-----000-0-eng-d</controlfield><datafield ind1=" " ind2=" " tag="020"><subfield code="a">9810241178</subfield></datafield><datafield ind1=" " ind2=" " tag="040"><subfield code="a">IFIN-HH</subfield></datafield><datafield ind1=" " ind2=" " tag="080"><subfield code="a">530.145l:519.72</subfield></datafield><datafield ind1="1" ind2=" " tag="100"><subfield code="a">Machiavello, C</subfield></datafield><datafield ind1="1" ind2="0" tag="245"><subfield code="a">Quantum computation and quantum information theory</subfield><subfield code="b">Reprint volume with introductory notes for isi tmr network school 12-23 july 1999, villa gualino, torino, italy</subfield><subfield code="c">C. machiavello; g.m. palma; a. zeilinger (eds.)</subfield></datafield><datafield ind1=" " ind2=" " tag="260"><subfield code="a">Singapore</subfield><subfield code="b">World Scientific</subfield><subfield code="c">2000</subfield></datafield><datafield ind1=" " ind2=" " tag="300"><subfield code="a">517P</subfield></datafield><datafield ind1="2" ind2=" " tag="650"><subfield code="a">Quantum Information</subfield></datafield><datafield ind1="1" ind2=" " tag="700"><subfield code="a">Zeilinger, A</subfield><subfield code="e">Ed</subfield></datafield><datafield ind1=" " ind2=" " tag="852"><subfield code="a">81779</subfield><subfield code="c">530.14</subfield></datafield><datafield ind1=" " ind2=" " tag="CAT"><subfield code="a">Sys</subfield><subfield code="c">20110328</subfield><subfield code="h">093716</subfield></datafield></record></collection>